@inproceedings{finn2017model,
  title={Model-agnostic meta-learning for fast adaptation of deep networks},
  author={Finn, Chelsea and Abbeel, Pieter and Levine, Sergey},
  booktitle={Proceedings of the 34th International Conference on Machine Learning-Volume 70},
  pages={1126--1135},
  year={2017},
  organization={JMLR. org}
}
@inproceedings{vinyals2016matching,
  title={Matching networks for one shot learning},
  author={Vinyals, Oriol and Blundell, Charles and Lillicrap, Timothy and Wierstra, Daan and others},
  booktitle={NIPS},
  pages={3630--3638},
  year={2016}
}

@inproceedings{snell2017prototypical,
  title={Prototypical networks for few-shot learning},
  author={Snell, Jake and Swersky, Kevin and Zemel, Richard},
  booktitle={NIPS},
  pages={4077--4087},
  year={2017}
}

@inproceedings{santoro2016meta,
  title={Meta-learning with memory-augmented neural networks},
  author={Santoro, Adam and Bartunov, Sergey and Botvinick, Matthew and Wierstra, Daan and Lillicrap, Timothy},
  booktitle={ICML},
  pages={1842--1850},
  year={2016}
}
@article{flennerhag2018transferring,
  title={Transferring knowledge across learning processes},
  author={Flennerhag, Sebastian and Moreno, Pablo G and Lawrence, Neil D and Damianou, Andreas},
  journal={arXiv preprint arXiv:1812.01054},
  year={2018}
}
@article{gu2018meta,
  title={Meta-learning for low-resource neural machine translation},
  author={Gu, Jiatao and Wang, Yong and Chen, Yun and Cho, Kyunghyun and Li, Victor OK},
  journal={arXiv preprint arXiv:1808.08437},
  year={2018}
}
@article{rusu2018meta,
  title={Meta-learning with latent embedding optimization},
  author={Rusu, Andrei A and Rao, Dushyant and Sygnowski, Jakub and Vinyals, Oriol and Pascanu, Razvan and Osindero, Simon and Hadsell, Raia},
  journal={arXiv preprint arXiv:1807.05960},
  year={2018}
}
@article{mi2019meta,
  title={Meta-Learning for Low-resource Natural Language Generation in Task-oriented Dialogue Systems},
  author={Mi, Fei and Huang, Minlie and Zhang, Jiyong and Faltings, Boi},
  journal={arXiv preprint arXiv:1905.05644},
  year={2019}
}
@article{klejch2019speaker,
  title={Speaker Adaptive Training using Model Agnostic Meta-Learning},
  author={Klejch, Ond{\v{r}}ej and Fainberg, Joachim and Bell, Peter and Renals, Steve},
  journal={arXiv preprint arXiv:1910.10605},
  year={2019}
}

