@inproceedings{finn2017model,
  title={Model-agnostic meta-learning for fast adaptation of deep networks},
  author={Finn, Chelsea and Abbeel, Pieter and Levine, Sergey},
  booktitle={Proceedings of the 34th International Conference on Machine Learning-Volume 70},
  pages={1126--1135},
  year={2017},
  organization={JMLR. org}
}

@article{gu2018meta,
  title={Meta-learning for low-resource neural machine translation},
  author={Gu, Jiatao and Wang, Yong and Chen, Yun and Cho, Kyunghyun and Li, Victor OK},
  journal={arXiv preprint arXiv:1808.08437},
  year={2018}
}

@inproceedings{dalmia2018sequence,
  title={Sequence-based multi-lingual low resource speech recognition},
  author={Dalmia, Siddharth and Sanabria, Ramon and Metze, Florian and Black, Alan W},
  booktitle={2018 IEEE International Conference on Acoustics, Speech and Signal Processing (ICASSP)},
  pages={4909--4913},
  year={2018},
  organization={IEEE}
}

@article{watanabe2018espnet,
  title={Espnet: End-to-end speech processing toolkit},
  author={Watanabe, Shinji and Hori, Takaaki and Karita, Shigeki and Hayashi, Tomoki and Nishitoba, Jiro and Unno, Yuya and Soplin, Nelson Enrique Yalta and Heymann, Jahn and Wiesner, Matthew and Chen, Nanxin and others},
  journal={arXiv preprint arXiv:1804.00015},
  year={2018}
}

@inproceedings{cho2018multilingual,
  title={Multilingual sequence-to-sequence speech recognition: architecture, transfer learning, and language modeling},
  author={Cho, Jaejin and Baskar, Murali Karthick and Li, Ruizhi and Wiesner, Matthew and Mallidi, Sri Harish and Yalta, Nelson and Karafiat, Martin and Watanabe, Shinji and Hori, Takaaki},
  booktitle={2018 IEEE Spoken Language Technology Workshop (SLT)},
  pages={521--527},
  year={2018},
  organization={IEEE}
}

@article{dou2019investigating,
  title={Investigating Meta-Learning Algorithms for Low-Resource Natural Language Understanding Tasks},
  author={Dou, Zi-Yi and Yu, Keyi and Anastasopoulos, Antonios},
  journal={arXiv preprint arXiv:1908.10423},
  year={2019}
}

@article{adams2019massively,
  title={Massively Multilingual Adversarial Speech Recognition},
  author={Adams, Oliver and Wiesner, Matthew and Watanabe, Shinji and Yarowsky, David},
  journal={arXiv preprint arXiv:1904.02210},
  year={2019}
}
