@inproceedings{finn2017model,
  title={Model-agnostic meta-learning for fast adaptation of deep networks},
  author={Finn, Chelsea and Abbeel, Pieter and Levine, Sergey},
  booktitle={Proceedings of the 34th International Conference on Machine Learning-Volume 70},
  pages={1126--1135},
  year={2017},
  organization={JMLR. org}
}
@inproceedings{graves2014towards,
  title={Towards end-to-end speech recognition with recurrent neural networks},
  author={Graves, Alex and Jaitly, Navdeep},
  booktitle={ICML},
  pages={1764--1772},
  year={2014}
}
@article{hannun2014deep,
  title={Deep speech: Scaling up end-to-end speech recognition},
  author={Hannun, Awni and Case, Carl and Casper, Jared and Catanzaro, Bryan and Diamos, Greg and Elsen, Erich and Prenger, Ryan and Satheesh, Sanjeev and Sengupta, Shubho and Coates, Adam and others},
  journal={arXiv preprint arXiv:1412.5567},
  year={2014}
}
@inproceedings{chan2016listen,
  title={Listen, attend and spell: A neural network for large vocabulary conversational speech recognition},
  author={Chan, William and Jaitly, Navdeep and Le, Quoc and Vinyals, Oriol},
  booktitle={2016 IEEE ICASSP},
  pages={4960--4964},
  year={2016},
  organization={IEEE}
}
@inproceedings{vinyals2016matching,
  title={Matching networks for one shot learning},
  author={Vinyals, Oriol and Blundell, Charles and Lillicrap, Timothy and Wierstra, Daan and others},
  booktitle={NIPS},
  pages={3630--3638},
  year={2016}
}

@inproceedings{snell2017prototypical,
  title={Prototypical networks for few-shot learning},
  author={Snell, Jake and Swersky, Kevin and Zemel, Richard},
  booktitle={NIPS},
  pages={4077--4087},
  year={2017}
}

@inproceedings{santoro2016meta,
  title={Meta-learning with memory-augmented neural networks},
  author={Santoro, Adam and Bartunov, Sergey and Botvinick, Matthew and Wierstra, Daan and Lillicrap, Timothy},
  booktitle={ICML},
  pages={1842--1850},
  year={2016}
}
@article{ravi2016optimization,
  title={Optimization as a model for few-shot learning},
  author={Ravi, Sachin and Larochelle, Hugo},
  year={2016}
}

@article{nichol2018first,
  title={On first-order meta-learning algorithms},
  author={Nichol, Alex and Achiam, Joshua and Schulman, John},
  journal={arXiv preprint arXiv:1803.02999},
  year={2018}
}
@article{flennerhag2018transferring,
  title={Transferring knowledge across learning processes},
  author={Flennerhag, Sebastian and Moreno, Pablo G and Lawrence, Neil D and Damianou, Andreas},
  journal={arXiv preprint arXiv:1812.01054},
  year={2018}
}
@article{gu2018meta,
  title={Meta-learning for low-resource neural machine translation},
  author={Gu, Jiatao and Wang, Yong and Chen, Yun and Cho, Kyunghyun and Li, Victor OK},
  journal={arXiv preprint arXiv:1808.08437},
  year={2018}
}

@inproceedings{stan2013tundra,
  title={TUNDRA: a multilingual corpus of found data for TTS research created with light supervision.},
  author={Stan, Adriana and Watts, Oliver and Mamiya, Yoshitaka and Giurgiu, Mircea and Clark, Robert AJ and Yamagishi, Junichi and King, Simon},
  booktitle={INTERSPEECH},
  pages={2331--2335},
  year={2013}
}

@inproceedings{black2019cmu,
  title={CMU wilderness multilingual speech dataset},
  author={Black, Alan W},
  booktitle={ICASSP 2019-2019 IEEE International Conference on Acoustics, Speech and Signal Processing (ICASSP)},
  pages={5971--5975},
  year={2019},
  organization={IEEE}
}
@inproceedings{serra2019blow,
  title={Blow: a single-scale hyperconditioned flow for non-parallel raw-audio voice conversion},
  author={Serr{\`a}, Joan and Pascual, Santiago and Perales, Carlos Segura},
  booktitle={Advances in Neural Information Processing Systems},
  pages={6790--6800},
  year={2019}
}
@article{chen2018sample,
  title={Sample efficient adaptive text-to-speech},
  author={Chen, Yutian and Assael, Yannis and Shillingford, Brendan and Budden, David and Reed, Scott and Zen, Heiga and Wang, Quan and Cobo, Luis C and Trask, Andrew and Laurie, Ben and others},
  journal={arXiv preprint arXiv:1809.10460},
  year={2018}
}
